@article{Casado:2007:ETC:1282427.1282382,
 author = {Casado, Martin and Freedman, Michael J. and Pettit, Justin and Luo, Jianying and McKeown, Nick and Shenker, Scott},
 title = {{Ethane: Taking Control of the Enterprise}},
 journal = {SIGCOMM Comput. Commun. Rev.},
 issue_date = {October 2007},
 volume = {37},
 number = {4},
 month = aug,
 year = {2007},
 issn = {0146-4833},
 pages = {1--12},
 numpages = {12},
 url = {http://doi.acm.org/10.1145/1282427.1282382},
 doi = {10.1145/1282427.1282382},
 acmid = {1282382},
 publisher = {ACM},
 address = {New York, NY, USA},
 keywords = {architecture, management, network, security},
}

@inproceedings{Bezahaf:2013:FFP:2535828.2535836,
 author = {Bezahaf, Mehdi and Alim, Abdul and Mathy, Laurent},
 title = {{FlowOS: A Flow-based Platform for Middleboxes}},
 booktitle = {Proceedings of the 2013 Workshop on Hot Topics in Middleboxes and Network Function Virtualization},
 series = {HotMiddlebox '13},
 year = {2013},
 isbn = {978-1-4503-2574-5},
 location = {Santa Barbara, California, USA},
 pages = {19--24},
 numpages = {6},
 url = {http://doi.acm.org/10.1145/2535828.2535836},
 doi = {10.1145/2535828.2535836},
 acmid = {2535836},
 publisher = {ACM},
 address = {New York, NY, USA},
 keywords = {flow processing, middlebox, openflow},
}

@article{Ballani:2015:EEN:2829988.2787493,
 author = {Ballani, Hitesh and Costa, Paolo and Gkantsidis, Christos and Grosvenor, Matthew P. and Karagiannis, Thomas and Koromilas, Lazaros and O'Shea, Greg},
 title = {{Enabling End-Host Network Functions}},
 journal = {SIGCOMM Comput. Commun. Rev.},
 issue_date = {October 2015},
 volume = {45},
 number = {4},
 month = aug,
 year = {2015},
 issn = {0146-4833},
 pages = {493--507},
 numpages = {15},
 url = {http://doi.acm.org/10.1145/2829988.2787493},
 doi = {10.1145/2829988.2787493},
 acmid = {2787493},
 publisher = {ACM},
 address = {New York, NY, USA},
 keywords = {SDN, data-plane programming, network functions, network management, software defined networking},
}

@inproceedings {196178,
author = {Abdul Alim and Richard G. Clegg and Luo Mai and Lukas Rupprecht and Eric Seckler and Paolo Costa and Peter Pietzuch and Alexander L. Wolf and Nik Sultana and Jon Crowcroft and Anil Madhavapeddy and Andrew W. Moore and Richard Mortier and Masoud Koleni and Luis Oviedo and Matteo Migliavacca and Derek McAuley},
title = {{{FLICK}: Developing and Running Application-Specific Network Services}},
booktitle = {2016 {USENIX} Annual Technical Conference ({USENIX} {ATC} 16)},
year = {2016},
isbn = {978-1-931971-30-0},
address = {Denver, CO},
pages = {1--14},
url = {https://www.usenix.org/conference/atc16/technical-sessions/presentation/alim},
publisher = {{USENIX} Association},
}

@article{McKeown:2008:OEI:1355734.1355746,
 author = {McKeown, Nick and Anderson, Tom and Balakrishnan, Hari and Parulkar, Guru and Peterson, Larry and Rexford, Jennifer and Shenker, Scott and Turner, Jonathan},
 title = {{OpenFlow: Enabling Innovation in Campus Networks}},
 journal = {SIGCOMM Comput. Commun. Rev.},
 issue_date = {April 2008},
 volume = {38},
 number = {2},
 month = mar,
 year = {2008},
 issn = {0146-4833},
 pages = {69--74},
 numpages = {6},
 url = {http://doi.acm.org/10.1145/1355734.1355746},
 doi = {10.1145/1355734.1355746},
 acmid = {1355746},
 publisher = {ACM},
 address = {New York, NY, USA},
 keywords = {ethernet switch, flow-based, virtualization},
}

@article{Bosshart:2013:FMF:2534169.2486011,
 author = {Bosshart, Pat and Gibb, Glen and Kim, Hun-Seok and Varghese, George and McKeown, Nick and Izzard, Martin and Mujica, Fernando and Horowitz, Mark},
 title = {{Forwarding Metamorphosis: Fast Programmable Match-action Processing in Hardware for SDN}},
 journal = {SIGCOMM Comput. Commun. Rev.},
 issue_date = {October 2013},
 volume = {43},
 number = {4},
 month = aug,
 year = {2013},
 issn = {0146-4833},
 pages = {99--110},
 numpages = {12},
 url = {http://doi.acm.org/10.1145/2534169.2486011},
 doi = {10.1145/2534169.2486011},
 acmid = {2486011},
 publisher = {ACM},
 address = {New York, NY, USA},
 keywords = {reconfigurable match tables, rmt model, sdn},
}

@article{Bosshart:2014:PPP:2656877.2656890,
 author = {Bosshart, Pat and Daly, Dan and Gibb, Glen and Izzard, Martin and McKeown, Nick and Rexford, Jennifer and Schlesinger, Cole and Talayco, Dan and Vahdat, Amin and Varghese, George and Walker, David},
 title = {{P4: Programming Protocol-independent Packet Processors}},
 journal = {SIGCOMM Comput. Commun. Rev.},
 issue_date = {July 2014},
 volume = {44},
 number = {3},
 month = jul,
 year = {2014},
 issn = {0146-4833},
 pages = {87--95},
 numpages = {9},
 url = {http://doi.acm.org/10.1145/2656877.2656890},
 doi = {10.1145/2656877.2656890},
 acmid = {2656890},
 publisher = {ACM},
 address = {New York, NY, USA},
 keywords = {p4, protocol-independent, reconfigurability, sdn},
}

@inproceedings{Sivaraman:2016:PTH:2934872.2934900,
 author = {Sivaraman, Anirudh and Cheung, Alvin and Budiu, Mihai and Kim, Changhoon and Alizadeh, Mohammad and Balakrishnan, Hari and Varghese, George and McKeown, Nick and Licking, Steve},
 title = {{Packet Transactions: High-Level Programming for Line-Rate Switches}},
 booktitle = {Proceedings of the 2016 ACM SIGCOMM Conference},
 series = {SIGCOMM '16},
 year = {2016},
 isbn = {978-1-4503-4193-6},
 location = {Florianopolis, Brazil},
 pages = {15--28},
 numpages = {14},
 url = {http://doi.acm.org/10.1145/2934872.2934900},
 doi = {10.1145/2934872.2934900},
 acmid = {2934900},
 publisher = {ACM},
 address = {New York, NY, USA},
 keywords = {Programmable switches, stateful data-plane algorithms},
}

@inproceedings{Chole:2017:DDP:3098822.3098823,
 author = {Chole, Sharad and Fingerhut, Andy and Ma, Sha and Sivaraman, Anirudh and Vargaftik, Shay and Berger, Alon and Mendelson, Gal and Alizadeh, Mohammad and Chuang, Shang-Tse and Keslassy, Isaac and Orda, Ariel and Edsall, Tom},
 title = {{dRMT: Disaggregated Programmable Switching}},
 booktitle = {Proceedings of the Conference of the ACM Special Interest Group on Data Communication},
 series = {SIGCOMM '17},
 year = {2017},
 isbn = {978-1-4503-4653-5},
 location = {Los Angeles, CA, USA},
 pages = {1--14},
 numpages = {14},
 url = {http://doi.acm.org/10.1145/3098822.3098823},
 doi = {10.1145/3098822.3098823},
 acmid = {3098823},
 publisher = {ACM},
 address = {New York, NY, USA},
 keywords = {Programmable switching, RMT, disagreggation, packet processing},
}

@article{Anwer:2010:SPR:1851275.1851206,
 author = {Anwer, Muhammad Bilal and Motiwala, Murtaza and Tariq, Mukarram bin and Feamster, Nick},
 title = {{SwitchBlade: A Platform for Rapid Deployment of Network Protocols on Programmable Hardware}},
 journal = {SIGCOMM Comput. Commun. Rev.},
 issue_date = {October 2010},
 volume = {40},
 number = {4},
 month = aug,
 year = {2010},
 issn = {0146-4833},
 pages = {183--194},
 numpages = {12},
 url = {http://doi.acm.org/10.1145/1851275.1851206},
 doi = {10.1145/1851275.1851206},
 acmid = {1851206},
 publisher = {ACM},
 address = {New York, NY, USA},
 keywords = {NetFPGA, network virtualization},
}

@inproceedings{Naous:2008:NRR:1397718.1397720,
 author = {Naous, Jad and Gibb, Glen and Bolouki, Sara and McKeown, Nick},
 title = {{NetFPGA: Reusable Router Architecture for Experimental Research}},
 booktitle = {Proceedings of the ACM Workshop on Programmable Routers for Extensible Services of Tomorrow},
 series = {PRESTO '08},
 year = {2008},
 isbn = {978-1-60558-181-1},
 location = {Seattle, WA, USA},
 pages = {1--7},
 numpages = {7},
 url = {http://doi.acm.org/10.1145/1397718.1397720},
 doi = {10.1145/1397718.1397720},
 acmid = {1397720},
 publisher = {ACM},
 address = {New York, NY, USA},
 keywords = {modular design, netfpga, reuse},
}

@article{Fall:2011:REG:1945023.1945037,
 author = {Fall, Kevin and Iannaccone, Gianluca and Manesh, Maziar and Ratnasamy, Sylvia and Argyraki, Katerina and Dobrescu, Mihai and Egi, Norbert},
 title = {{RouteBricks: Enabling General Purpose Network Infrastructure}},
 journal = {SIGOPS Oper. Syst. Rev.},
 issue_date = {January 2011},
 volume = {45},
 number = {1},
 month = feb,
 year = {2011},
 issn = {0163-5980},
 pages = {112--125},
 numpages = {14},
 url = {http://doi.acm.org/10.1145/1945023.1945037},
 doi = {10.1145/1945023.1945037},
 acmid = {1945037},
 publisher = {ACM},
 address = {New York, NY, USA},
 keywords = {multicore, parallelism, programmability, software router},
}

@article{Laufer:2016:CEN:3027947.3027951,
 author = {Laufer, Rafael and Gallo, Massimo and Perino, Diego and Nandugudi, Anandatirtha},
 title = {{CliMB: Enabling Network Function Composition with Click Middleboxes}},
 journal = {SIGCOMM Comput. Commun. Rev.},
 issue_date = {October 2016},
 volume = {46},
 number = {4},
 month = dec,
 year = {2016},
 issn = {0146-4833},
 pages = {17--22},
 numpages = {6},
 url = {http://doi.acm.org/10.1145/3027947.3027951},
 doi = {10.1145/3027947.3027951},
 acmid = {3027951},
 publisher = {ACM},
 address = {New York, NY, USA},
 keywords = {Click router, Middle boxes, TCP},
}

@article{Saltzer:1984:EAS:357401.357402,
 author = {Saltzer, J. H. and Reed, D. P. and Clark, D. D.},
 title = {{End-to-end Arguments in System Design}},
 journal = {ACM Trans. Comput. Syst.},
 issue_date = {Nov. 1984},
 volume = {2},
 number = {4},
 month = nov,
 year = {1984},
 issn = {0734-2071},
 pages = {277--288},
 numpages = {12},
 url = {http://doi.acm.org/10.1145/357401.357402},
 doi = {10.1145/357401.357402},
 acmid = {357402},
 publisher = {ACM},
 address = {New York, NY, USA},
 keywords = {data communication, design principles, protocol design},
}

@inproceedings{Giesen:2018:ICR:3229591.3229595,
 author = {Giesen, Hans and Shi, Lei and Sonchack, John and Chelluri, Anirudh and Prabhu, Nishanth and Sultana, Nik and Kant, Latha and McAuley, Anthony J and Poylisher, Alexander and DeHon, Andr{\'e} and Loo, Boon Thau},
 title = {{In-network Computing to the Rescue of Faulty Links}},
 booktitle = {Proceedings of the 2018 Morning Workshop on In-Network Computing},
 series = {NetCompute '18},
 year = {2018},
 isbn = {978-1-4503-5908-5},
 location = {Budapest, Hungary},
 pages = {1--6},
 numpages = {6},
 url = {http://doi.acm.org/10.1145/3229591.3229595},
 doi = {10.1145/3229591.3229595},
 acmid = {3229595},
 publisher = {ACM},
 address = {New York, NY, USA},
 keywords = {FPGA, Fault Mitigation, In-Network Computing, P4},
}

@inproceedings{Jin:2017:NBK:3132747.3132764,
 author = {Jin, Xin and Li, Xiaozhou and Zhang, Haoyu and Soul{\'e}, Robert and Lee, Jeongkeun and Foster, Nate and Kim, Changhoon and Stoica, Ion},
 title = {{NetCache: Balancing Key-Value Stores with Fast In-Network Caching}},
 booktitle = {Proceedings of the 26th Symposium on Operating Systems Principles},
 series = {SOSP '17},
 year = {2017},
 isbn = {978-1-4503-5085-3},
 location = {Shanghai, China},
 pages = {121--136},
 numpages = {16},
 url = {http://doi.acm.org/10.1145/3132747.3132764},
 doi = {10.1145/3132747.3132764},
 acmid = {3132764},
 publisher = {ACM},
 address = {New York, NY, USA},
 keywords = {Caching, Key-value stores, Programmable switches},
}

@inproceedings{Rossbach:2013:DCR:2517349.2522715,
 author = {Rossbach, Christopher J. and Yu, Yuan and Currey, Jon and Martin, Jean-Philippe and Fetterly, Dennis},
 title = {{Dandelion: A Compiler and Runtime for Heterogeneous Systems}},
 booktitle = {Proceedings of the Twenty-Fourth ACM Symposium on Operating Systems Principles},
 series = {SOSP '13},
 year = {2013},
 isbn = {978-1-4503-2388-8},
 location = {Farminton, Pennsylvania},
 pages = {49--68},
 numpages = {20},
 url = {http://doi.acm.org/10.1145/2517349.2522715},
 doi = {10.1145/2517349.2522715},
 acmid = {2522715},
 publisher = {ACM},
 address = {New York, NY, USA},
}

@inproceedings {203245,
author = {Nik Sultana and Salvator Galea and David Greaves and Marcin Wojcik and Jonny Shipton and Richard Clegg and Luo Mai and Pietro Bressana and Robert Soul{\'e} and Richard Mortier and Paolo Costa and Peter Pietzuch and Jon Crowcroft and Andrew W Moore and Noa Zilberman},
title = {{Emu: Rapid Prototyping of Networking Services}},
booktitle = {2017 {USENIX} Annual Technical Conference ({USENIX} {ATC} 17)},
year = {2017},
isbn = {978-1-931971-38-6},
address = {Santa Clara, CA},
pages = {459--471},
url = {https://www.usenix.org/conference/atc17/technical-sessions/presentation/sultana},
publisher = {{USENIX} Association},
}

@inproceedings{Sherwood:2010:PNT:1924943.1924969,
 author = {Sherwood, Rob and Gibb, Glen and Yap, Kok-Kiong and Appenzeller, Guido and Casado, Martin and McKeown, Nick and Parulkar, Guru},
 title = {{Can the Production Network Be the Testbed?}},
 booktitle = {Proceedings of the 9th USENIX Conference on Operating Systems Design and Implementation},
 series = {OSDI'10},
 year = {2010},
 location = {Vancouver, BC, Canada},
 pages = {365--378},
 numpages = {14},
 url = {http://dl.acm.org/citation.cfm?id=1924943.1924969},
 acmid = {1924969},
 publisher = {USENIX Association},
 address = {Berkeley, CA, USA},
}

@inproceedings{b4,
 author = {Jain, Sushant and Kumar, Alok and Mandal, Subhasree and Ong, Joon and Poutievski, Leon and Singh, Arjun and Venkata, Subbaiah and Wanderer, Jim and Zhou, Junlan and Zhu, Min and Zolla, Jon and H\"{o}lzle, Urs and Stuart, Stephen and Vahdat, Amin},
 title = {{B4: Experience with a Globally-deployed Software Defined WAN}},
 booktitle = {Proceedings of the ACM SIGCOMM 2013 Conference on SIGCOMM},
 series = {SIGCOMM '13},
 year = {2013},
 isbn = {978-1-4503-2056-6},
 location = {Hong Kong, China},
 pages = {3--14},
 numpages = {12},
 url = {http://doi.acm.org/10.1145/2486001.2486019},
 doi = {10.1145/2486001.2486019},
 acmid = {2486019},
 publisher = {ACM},
 address = {New York, NY, USA},
 keywords = {centralized traffic engineering, openflow, routing, software- defined networking, wide-area networks},
}

@article{Casado:2014:ASN:2661061.2661063,
 author = {Casado, Martin and Foster, Nate and Guha, Arjun},
 title = {{Abstractions for Software-defined Networks}},
 journal = {Commun. ACM},
 issue_date = {October 2014},
 volume = {57},
 number = {10},
 month = sep,
 year = {2014},
 issn = {0001-0782},
 pages = {86--95},
 numpages = {10},
 url = {http://doi.acm.org/10.1145/2661061.2661063},
 doi = {10.1145/2661061.2661063},
 acmid = {2661063},
 publisher = {ACM},
 address = {New York, NY, USA},
}

@misc{rfc7665,
	series =	{Request for Comments},
	number =	7665,
	howpublished =	{RFC 7665},
	publisher =	{RFC Editor},
	doi =		{10.17487/rfc7665},
	url =		{https://rfc-editor.org/rfc/rfc7665.txt},
	author =	{Joel M. Halpern and Carlos Pignataro},
	title =		{{Service Function Chaining (SFC) Architecture}},
	pagetotal =	32,
	year =		2015,
}

@misc{rfc7498,
	series =	{Request for Comments},
	number =	7498,
	howpublished =	{RFC 7498},
	publisher =	{RFC Editor},
	doi =		{10.17487/rfc7498},
	url =		{https://rfc-editor.org/rfc/rfc7498.txt},
	author =	{Thomas Nadeau and Paul Quinn},
	title =		{{Problem Statement for Service Function Chaining}},
	pagetotal =	13,
	year =		2015,
}

@article{Voellmy:2013:MSS:2534169.2486030,
 author = {Voellmy, Andreas and Wang, Junchang and Yang, Y Richard and Ford, Bryan and Hudak, Paul},
 title = {{Maple: Simplifying SDN Programming Using Algorithmic Policies}},
 journal = {SIGCOMM Comput. Commun. Rev.},
 issue_date = {October 2013},
 volume = {43},
 number = {4},
 month = aug,
 year = {2013},
 issn = {0146-4833},
 pages = {87--98},
 numpages = {12},
 url = {http://doi.acm.org/10.1145/2534169.2486030},
 doi = {10.1145/2534169.2486030},
 acmid = {2486030},
 publisher = {ACM},
 address = {New York, NY, USA},
 keywords = {algorithmic policies, openflow, software-defined networking},
}

@inproceedings{voellmy2011nettle,
  title={{Nettle: Taking the sting out of programming network routers}},
  author={Voellmy, Andreas and Hudak, Paul},
  booktitle={International Symposium on Practical Aspects of Declarative Languages},
  pages={235--249},
  year={2011},
  organization={Springer}
}

@inproceedings{Casado:2006:SPA:1267336.1267346,
 author = {Casado, Martin and Garfinkel, Tal and Akella, Aditya and Freedman, Michael J. and Boneh, Dan and McKeown, Nick and Shenker, Scott},
 title = {{SANE: A Protection Architecture for Enterprise Networks}},
 booktitle = {Proceedings of the 15th Conference on USENIX Security Symposium - Volume 15},
 series = {USENIX-SS'06},
 year = {2006},
 location = {Vancouver, B.C., Canada},
 articleno = {10},
 url = {http://dl.acm.org/citation.cfm?id=1267336.1267346},
 acmid = {1267346},
 publisher = {USENIX Association},
 address = {Berkeley, CA, USA},
}

@article{openflow-paper,
 author = {McKeown, Nick and Anderson, Tom and Balakrishnan, Hari and Parulkar, Guru and Peterson, Larry and Rexford, Jennifer and Shenker, Scott and Turner, Jonathan},
 title = {{OpenFlow: Enabling Innovation in Campus Networks}},
 journal = {SIGCOMM Comput. Commun. Rev.},
 issue_date = {April 2008},
 volume = {38},
 number = {2},
 month = mar,
 year = {2008},
 issn = {0146-4833},
 pages = {69--74},
 numpages = {6},
 url = {http://doi.acm.org/10.1145/1355734.1355746},
 doi = {10.1145/1355734.1355746},
 acmid = {1355746},
 publisher = {ACM},
 address = {New York, NY, USA},
 keywords = {ethernet switch, flow-based, virtualization},
}

@article{p4,
 author = {Bosshart, Pat and Daly, Dan and Gibb, Glen and Izzard, Martin and McKeown, Nick and Rexford, Jennifer and Schlesinger, Cole and Talayco, Dan and Vahdat, Amin and Varghese, George and Walker, David},
 title = {{P4: Programming Protocol-independent Packet Processors}},
 journal = {SIGCOMM Comput. Commun. Rev.},
 issue_date = {July 2014},
 volume = {44},
 number = {3},
 month = jul,
 year = {2014},
 issn = {0146-4833},
 pages = {87--95},
 numpages = {9},
 url = {http://doi.acm.org/10.1145/2656877.2656890},
 doi = {10.1145/2656877.2656890},
 acmid = {2656890},
 publisher = {ACM},
 address = {New York, NY, USA},
 keywords = {p4, protocol-independent, reconfigurability, sdn},
}

@article{nox,
 author = {Gude, Natasha and Koponen, Teemu and Pettit, Justin and Pfaff, Ben and Casado, Mart\'{\i}n and McKeown, Nick and Shenker, Scott},
 title = {{NOX: Towards an Operating System for Networks}},
 journal = {SIGCOMM Comput. Commun. Rev.},
 issue_date = {July 2008},
 volume = {38},
 number = {3},
 month = jul,
 year = {2008},
 issn = {0146-4833},
 pages = {105--110},
 numpages = {6},
 url = {http://doi.acm.org/10.1145/1384609.1384625},
 doi = {10.1145/1384609.1384625},
 acmid = {1384625},
 publisher = {ACM},
 address = {New York, NY, USA},
 keywords = {architecture, management, network, security},
}

@article{pox,
   author = "{Pox}",
   note = "\url{http://noxrepo.org/pox}",
}

@misc{tofino,
   title = "{Barefoot Tofino}",
   author = "{Barefoot Networks}",
   note = "\url{https://www.barefootnetworks.com/technology/#tofino}",
}

@misc{trident3,
   title = "{Broadcom Trident 3}",
   author = "{Broadcom Inc}",
   OPnote = "\url{https://globenewswire.com/news-release/2017/06/14/1018746/0/en/Broadcom-Delivers-High-Performance-Data-Plane-Programmability-with-new-Trident-3-Generation-of-10-25-100G-Ethernet-Switches.html}",
   note = "\url{https://bit.ly/2C39tmp}",
}

@misc{agilio,
   title = "{OpenNFP}",
   author = "{Netronome Inc}",
   note = "\url{https://www.netronome.com/technology/p4/}",
}

@misc{sdnet,
   title = "{Xilinx SDNet}",
   author = "{Xilinx Inc}",
   note = "\url{https://www.xilinx.com/products/design-tools/software-zone/sdnet.html}",
}

@misc{netcope,
   title = "{Netcope P4}",
   author = "{Netcope Technologies}",
   note = "\url{https://www.netcope.com/en/products/netcopep4}",
}

@misc{bmv2,
   title = "{P4 Behavioral Model}",
   author = "{P4 Language Consortium}",
   note = "\url{https://github.com/p4lang/behavioral-model}",
}

@misc{p4c,
   title = "{P4 reference compiler}",
   author = "{P4 Language Consortium}",
   note = "\url{https://github.com/p4lang/p4c}",
}

@inproceedings{p4fpga,
 author = {Wang, Han and Soul{\'e}, Robert and Dang, Huynh Tu and Lee, Ki Suh and Shrivastav, Vishal and Foster, Nate and Weatherspoon, Hakim},
 title = {{P4FPGA: A Rapid Prototyping Framework for P4}},
 booktitle = {Proceedings of the Symposium on SDN Research},
 series = {SOSR '17},
 year = {2017},
 isbn = {978-1-4503-4947-5},
 location = {Santa Clara, CA, USA},
 pages = {122--135},
 numpages = {14},
 url = {http://doi.acm.org/10.1145/3050220.3050234},
 doi = {10.1145/3050220.3050234},
 acmid = {3050234},
 publisher = {ACM},
 address = {New York, NY, USA},
 keywords = {FPGA, High-level synthesis, P4},
}

@inproceedings{Jin:2015:CCH:2789770.2789777,
 author = {Jin, Xin and Gossels, Jennifer and Rexford, Jennifer and Walker, David},
 title = {{CoVisor: A Compositional Hypervisor for Software-defined Networks}},
 booktitle = {Proceedings of the 12th USENIX Conference on Networked Systems Design and Implementation},
 series = {NSDI'15},
 year = {2015},
 isbn = {978-1-931971-218},
 location = {Oakland, CA},
 pages = {87--101},
 numpages = {15},
 url = {http://dl.acm.org/citation.cfm?id=2789770.2789777},
 acmid = {2789777},
 publisher = {USENIX Association},
 address = {Berkeley, CA, USA},
}

@article{Vissicchio:2017:SUH:3148626.3148643,
 author = {Vissicchio, Stefano and Vanbever, Laurent and Cittadini, Luca and Xie, Geoffrey G. and Bonaventure, Olivier},
 title = {{Safe Update of Hybrid SDN Networks}},
 journal = {IEEE/ACM Trans. Netw.},
 issue_date = {June 2017},
 volume = {25},
 number = {3},
 month = jun,
 year = {2017},
 issn = {1063-6692},
 pages = {1649--1662},
 numpages = {14},
 url = {https://doi.org/10.1109/TNET.2016.2642586},
 doi = {10.1109/TNET.2016.2642586},
 acmid = {3148643},
 publisher = {IEEE Press},
 address = {Piscataway, NJ, USA},
}

@inproceedings{Jin:2015:TCL:2774993.2775013,
 author = {Jin, Cheng and Lumezanu, Cristian and Xu, Qiang and Zhang, Zhi-Li and Jiang, Guofei},
 title = {{Telekinesis: Controlling Legacy Switch Routing with OpenFlow in Hybrid Networks}},
 booktitle = {Proceedings of the 1st ACM SIGCOMM Symposium on Software Defined Networking Research},
 series = {SOSR '15},
 year = {2015},
 isbn = {978-1-4503-3451-8},
 location = {Santa Clara, California},
 pages = {20:1--20:7},
 articleno = {20},
 numpages = {7},
 url = {http://doi.acm.org/10.1145/2774993.2775013},
 doi = {10.1145/2774993.2775013},
 acmid = {2775013},
 publisher = {ACM},
 address = {New York, NY, USA},
 keywords = {hybrid SDN, telekinesis},
}

@inproceedings{ethane-sigcomm07,
 author = {Casado, Martin and Freedman, Michael J. and Pettit, Justin and Luo, Jianying and McKeown, Nick and Shenker, Scott},
 title = {{Ethane: taking control of the enterprise}},
 booktitle = {Proceedings of the 2007 conference on Applications, technologies, architectures, and protocols for computer communications},
 series = {SIGCOMM '07},
 year = {2007},
 isbn = {978-1-59593-713-1},
 location = {Kyoto, Japan},
 pages = {1--12},
 numpages = {12},
 url = {http://doi.acm.org/10.1145/1282380.1282382},
 doi = {10.1145/1282380.1282382},
 acmid = {1282382},
 publisher = {ACM},
 address = {New York, NY, USA},
 keywords = {architecture, management, network, security},
}

@inproceedings{onix,
 author = {Koponen, Teemu and Casado, Martin and Gude, Natasha and Stribling, Jeremy and Poutievski, Leon and Zhu, Min and Ramanathan, Rajiv and Iwata, Yuichiro and Inoue, Hiroaki and Hama, Takayuki and Shenker, Scott},
 title = {{Onix: a distributed control platform for large-scale production networks}},
 booktitle = {Proceedings of the 9th USENIX conference on Operating systems design and implementation},
 series = {OSDI'10},
 year = {2010},
}

@article{Karagiannis:2008:NEH:1402946.1402973,
 author = {Karagiannis, Thomas and Mortier, Richard and Rowstron, Antony},
 title = {{Network Exception Handlers: Host-network Control in Enterprise Networks}},
 journal = {SIGCOMM Comput. Commun. Rev.},
 issue_date = {October 2008},
 volume = {38},
 number = {4},
 month = aug,
 year = {2008},
 issn = {0146-4833},
 pages = {123--134},
 numpages = {12},
 url = {http://doi.acm.org/10.1145/1402946.1402973},
 doi = {10.1145/1402946.1402973},
 acmid = {1402973},
 publisher = {ACM},
 address = {New York, NY, USA},
 keywords = {enterprise networks, management, network exception handlers},
}

@inproceedings{Vahid:1995:PEN:224270.224380,
 author = {Vahid, Frank},
 title = {{Procedure Exlining: A New System-level Specification Transformation}},
 booktitle = {Proceedings of the Conference on European Design Automation},
 series = {EURO-DAC '95/EURO-VHDL '95},
 year = {1995},
 isbn = {0-8186-7156-4},
 location = {Brighton, England},
 pages = {508--513},
 numpages = {6},
 url = {http://dl.acm.org/citation.cfm?id=224270.224380},
 acmid = {224380},
 publisher = {IEEE Computer Society Press},
 address = {Los Alamitos, CA, USA},
}

@article{Birrell:1984:IRP:2080.357392,
 author = {Birrell, Andrew D. and Nelson, Bruce Jay},
 title = {{Implementing Remote Procedure Calls}},
 journal = {ACM Trans. Comput. Syst.},
 issue_date = {February 1984},
 volume = {2},
 number = {1},
 month = feb,
 year = {1984},
 issn = {0734-2071},
 pages = {39--59},
 numpages = {21},
 url = {http://doi.acm.org/10.1145/2080.357392},
 doi = {10.1145/2080.357392},
 acmid = {357392},
 publisher = {ACM},
 address = {New York, NY, USA},
 keywords = {distributed naming and binding, inter-process communication, performance of communication protocols, remote procedural calls, transport layer protocols},
}

@article{Schwartz:2000:SPA:332799.332893,
 author = {Schwartz, Beverly and Jackson, Alden W. and Strayer, W. Timothy and Zhou, Wenyi and Rockwell, R. Dennis and Partridge, Craig},
 title = {{Smart Packets: Applying Active Networks to Network Management}},
 journal = {ACM Trans. Comput. Syst.},
 issue_date = {Feb. 2000},
 volume = {18},
 number = {1},
 month = feb,
 year = {2000},
 issn = {0734-2071},
 pages = {67--88},
 numpages = {22},
 url = {http://doi.acm.org/10.1145/332799.332893},
 doi = {10.1145/332799.332893},
 acmid = {332893},
 publisher = {ACM},
 address = {New York, NY, USA},
 keywords = {active networks},
}

@article{Jeyakumar:2014:MLM:2740070.2626292,
 author = {Jeyakumar, Vimalkumar and Alizadeh, Mohammad and Geng, Yilong and Kim, Changhoon and Mazi\`{e}res, David},
 title = {{Millions of Little Minions: Using Packets for Low Latency Network Programming and Visibility}},
 journal = {SIGCOMM Comput. Commun. Rev.},
 issue_date = {October 2014},
 volume = {44},
 number = {4},
 month = aug,
 year = {2014},
 issn = {0146-4833},
 pages = {3--14},
 numpages = {12},
 url = {http://doi.acm.org/10.1145/2740070.2626292},
 doi = {10.1145/2740070.2626292},
 acmid = {2626292},
 publisher = {ACM},
 address = {New York, NY, USA},
 keywords = {active networks, design, measurement, performance},
}

@article{Alexander:1997:AB:263109.263149,
 author = {Alexander, D. Scott and Shaw, Marianne and Nettles, Scott M. and Smith, Jonathan M.},
 title = {{Active Bridging}},
 journal = {SIGCOMM Comput. Commun. Rev.},
 issue_date = {Oct. 1997},
 volume = {27},
 number = {4},
 month = oct,
 year = {1997},
 issn = {0146-4833},
 pages = {101--111},
 numpages = {11},
 url = {http://doi.acm.org/10.1145/263109.263149},
 doi = {10.1145/263109.263149},
 acmid = {263149},
 publisher = {ACM},
 address = {New York, NY, USA},
}

       

@inproceedings{el2018netcomplete,
  author = {Ahmed El-Hassany and Petar Tsankov and Laurent Vanbever and Martin Vechev},
  title = {NetComplete: Practical Network-Wide Configuration Synthesis with Autocompletion},
  booktitle = {NSDI},
  year = {2018},
  url = {https://www.usenix.org/conference/nsdi18/presentation/el-hassany},
  publisher = {{USENIX} Association},
}

@inproceedings{statesman,
 author = {Sun, Peng and Mahajan, Ratul and Rexford, Jennifer and Yuan, Lihua and Zhang, Ming and Arefin, Ahsan},
 title = {A Network-state Management Service},
 booktitle = {Proceedings of the 2014 ACM Conference on SIGCOMM},
 series = {SIGCOMM '14},
 year = {2014},
 isbn = {978-1-4503-2836-4},
 location = {Chicago, Illinois, USA},
 pages = {563--574},
 numpages = {12},
 url = {http://doi.acm.org/10.1145/2619239.2626298},
 doi = {10.1145/2619239.2626298},
 acmid = {2626298},
 publisher = {ACM},
 address = {New York, NY, USA},
 keywords = {datacenter network, network state, software-defined networking},
}
