%% This BibTeX bibliography file was created using BibDesk.
%% http://bibdesk.sourceforge.net/


%% Created for John Sonchack at 2018-03-31 14:46:23 -0400 


%% Saved with string encoding Unicode (UTF-8) 



@article{Al-Fares:2008:SCD:1402946.1402967,
	Acmid = {1402967},
	Address = {New York, NY, USA},
	Author = {Al-Fares, Mohammad and Loukissas, Alexander and Vahdat, Amin},
	Doi = {10.1145/1402946.1402967},
	Issn = {0146-4833},
	Issue_Date = {October 2008},
	Journal = {SIGCOMM Comput. Commun. Rev.},
	Keywords = {data center topology, equal-cost routing},
	Month = aug,
	Number = {4},
	Numpages = {12},
	Pages = {63--74},
	Publisher = {ACM},
	Title = {{A Scalable, Commodity Data Center Network Architecture}},
	Url = {http://doi.acm.org/10.1145/1402946.1402967},
	Volume = {38},
	Year = {2008},
	Bdsk-Url-1 = {http://doi.acm.org/10.1145/1402946.1402967},
	Bdsk-Url-2 = {http://dx.doi.org/10.1145/1402946.1402967}}

@article{342015,
	Author = {N. J. Boden and D. Cohen and R. E. Felderman and A. E. Kulawik and C. L. Seitz and J. N. Seizovic and Wen-King Su},
	Doi = {10.1109/40.342015},
	Issn = {0272-1732},
	Journal = {IEEE Micro},
	Keywords = {computer interfaces;local area networks;network interfaces;performance evaluation;Myrinet local area network;communication channels;cut-through switches;gigabit-per-second local area network;host interfaces;packet communication;packet switching;software;Communication channels;Communication switching;Communication system control;Communication system traffic control;Local area networks;Packet switching;Routing;Switches;Telecommunication control;Telecommunication switching},
	Month = {Feb},
	Number = {1},
	Pages = {29-36},
	Title = {Myrinet: a gigabit-per-second local area network},
	Volume = {15},
	Year = {1995},
	Bdsk-Url-1 = {http://dx.doi.org/10.1109/40.342015}}

@article{Chen:2012:EEE:2182751.2182754,
	Acmid = {2182754},
	Address = {Piscataway, NJ, USA},
	Author = {Chen, Binbin and Zhou, Ziling and Zhao, Yuda and Yu, Haifeng},
	Doi = {10.1109/TNET.2011.2157357},
	Issn = {1063-6692},
	Issue_Date = {February 2012},
	Journal = {IEEE/ACM Trans. Netw.},
	Keywords = {bit error rate (BER), error correcting coding, error estimating coding (EEC), forward error correction, partial packet, partially correct packet},
	Month = feb,
	Number = {1},
	Numpages = {16},
	Pages = {29--44},
	Publisher = {IEEE Press},
	Title = {{Efficient Error Estimating Coding: Feasibility and Applications}},
	Url = {http://dx.doi.org/10.1109/TNET.2011.2157357},
	Volume = {20},
	Year = {2012},
	Bdsk-Url-1 = {http://dx.doi.org/10.1109/TNET.2011.2157357}}

@inproceedings{Zhuo:2017:UMP:3098822.3098849,
	Acmid = {3098849},
	Address = {New York, NY, USA},
	Author = {Zhuo, Danyang and Ghobadi, Monia and Mahajan, Ratul and F\"{o}rster, Klaus-Tycho and Krishnamurthy, Arvind and Anderson, Thomas},
	Booktitle = {Proceedings of the Conference of the ACM Special Interest Group on Data Communication},
	Doi = {10.1145/3098822.3098849},
	Isbn = {978-1-4503-4653-5},
	Keywords = {CorrOpt, Data Center Networks, Fault Mitigation, Optics, Packet Corruption},
	Location = {Los Angeles, CA, USA},
	Numpages = {14},
	Pages = {362--375},
	Publisher = {ACM},
	Series = {SIGCOMM '17},
	Title = {{Understanding and Mitigating Packet Corruption in Data Center Networks}},
	Url = {http://doi.acm.org/10.1145/3098822.3098849},
	Year = {2017},
	Bdsk-Url-1 = {http://doi.acm.org/10.1145/3098822.3098849},
	Bdsk-Url-2 = {http://dx.doi.org/10.1145/3098822.3098849}}

@inproceedings{farrington2009data,
	Author = {Farrington, Nathan and Rubow, Erik and Vahdat, Amin},
	Booktitle = {High Performance Interconnects, 2009. HOTI 2009. 17th IEEE Symposium on},
	Organization = {IEEE},
	Pages = {93--102},
	Title = {Data center switch architecture in the age of merchant silicon},
	Year = {2009}}

@article{Greenberg:2011:VSF:1897852.1897877,
	Acmid = {1897877},
	Address = {New York, NY, USA},
	Author = {Greenberg, Albert and Hamilton, James R. and Jain, Navendu and Kandula, Srikanth and Kim, Changhoon and Lahiri, Parantap and Maltz, David A. and Patel, Parveen and Sengupta, Sudipta},
	Doi = {10.1145/1897852.1897877},
	Issn = {0001-0782},
	Issue_Date = {March 2011},
	Journal = {Commun. ACM},
	Month = mar,
	Number = {3},
	Numpages = {10},
	Pages = {95--104},
	Publisher = {ACM},
	Title = {{VL2: A Scalable and Flexible Data Center Network}},
	Url = {http://doi.acm.org/10.1145/1897852.1897877},
	Volume = {54},
	Year = {2011},
	Bdsk-Url-1 = {http://doi.acm.org/10.1145/1897852.1897877},
	Bdsk-Url-2 = {http://dx.doi.org/10.1145/1897852.1897877}}

@article{NiranjanMysore:2009:PSF:1594977.1592575,
	Acmid = {1592575},
	Address = {New York, NY, USA},
	Author = {Niranjan Mysore, Radhika and Pamboris, Andreas and Farrington, Nathan and Huang, Nelson and Miri, Pardis and Radhakrishnan, Sivasankar and Subramanya, Vikram and Vahdat, Amin},
	Doi = {10.1145/1594977.1592575},
	Issn = {0146-4833},
	Issue_Date = {October 2009},
	Journal = {SIGCOMM Comput. Commun. Rev.},
	Keywords = {data center network fabric, layer 2 routing in data centers},
	Month = aug,
	Number = {4},
	Numpages = {12},
	Pages = {39--50},
	Publisher = {ACM},
	Title = {{PortLand: A Scalable Fault-tolerant Layer 2 Data Center Network Fabric}},
	Url = {http://doi.acm.org/10.1145/1594977.1592575},
	Volume = {39},
	Year = {2009},
	Bdsk-Url-1 = {http://doi.acm.org/10.1145/1594977.1592575},
	Bdsk-Url-2 = {http://dx.doi.org/10.1145/1594977.1592575}}

@article{Kim:2008:FSS:1402946.1402961,
	Acmid = {1402961},
	Address = {New York, NY, USA},
	Author = {Kim, Changhoon and Caesar, Matthew and Rexford, Jennifer},
	Doi = {10.1145/1402946.1402961},
	Issn = {0146-4833},
	Issue_Date = {October 2008},
	Journal = {SIGCOMM Comput. Commun. Rev.},
	Keywords = {enterprise network, ethernet, routing, scalability},
	Month = aug,
	Number = {4},
	Numpages = {12},
	Pages = {3--14},
	Publisher = {ACM},
	Title = {{Floodless in Seattle: A Scalable Ethernet Architecture for Large Enterprises}},
	Url = {http://doi.acm.org/10.1145/1402946.1402961},
	Volume = {38},
	Year = {2008},
	Bdsk-Url-1 = {http://doi.acm.org/10.1145/1402946.1402961},
	Bdsk-Url-2 = {http://dx.doi.org/10.1145/1402946.1402961}}

@misc{TRILL,
	Author = {J. Touch and R. Perlman},
	Howpublished = {RFC 5556},
	Note = {May 2009},
	Title = {{Transparent Interconnection of Lots of Links (TRILL): Problem and Applicability Statement}}}

@article{Singh:2016:JRD:2991470.2975159,
	Acmid = {2975159},
	Address = {New York, NY, USA},
	Author = {Singh, Arjun and Ong, Joon and Agarwal, Amit and Anderson, Glen and Armistead, Ashby and Bannon, Roy and Boving, Seb and Desai, Gaurav and Felderman, Bob and Germano, Paulie and Kanagala, Anand and Liu, Hong and Provost, Jeff and Simmons, Jason and Tanda, Eiichi and Wanderer, Jim and H\"{o}lzle, Urs and Stuart, Stephen and Vahdat, Amin},
	Doi = {10.1145/2975159},
	Issn = {0001-0782},
	Issue_Date = {September 2016},
	Journal = {Commun. ACM},
	Month = aug,
	Number = {9},
	Numpages = {10},
	Pages = {88--97},
	Publisher = {ACM},
	Title = {{Jupiter Rising: A Decade of Clos Topologies and Centralized Control in Google's Datacenter Network}},
	Url = {http://doi.acm.org/10.1145/2975159},
	Volume = {59},
	Year = {2016},
	Bdsk-Url-1 = {http://doi.acm.org/10.1145/2975159},
	Bdsk-Url-2 = {http://dx.doi.org/10.1145/2975159}}

@inproceedings{Agarwal:2014:SMS:2620728.2620758,
	Acmid = {2620758},
	Address = {New York, NY, USA},
	Author = {Agarwal, Kanak and Dixon, Colin and Rozner, Eric and Carter, John},
	Booktitle = {Proceedings of the Third Workshop on Hot Topics in Software Defined Networking},
	Doi = {10.1145/2620728.2620758},
	Isbn = {978-1-4503-2989-7},
	Keywords = {consistent updates, datacenter, ethernet, label-switching, routing, software-defined networking},
	Location = {Chicago, Illinois, USA},
	Numpages = {6},
	Pages = {157--162},
	Publisher = {ACM},
	Series = {HotSDN '14},
	Title = {{Shadow MACs: Scalable Label-switching for Commodity Ethernet}},
	Url = {http://doi.acm.org/10.1145/2620728.2620758},
	Year = {2014},
	Bdsk-Url-1 = {http://doi.acm.org/10.1145/2620728.2620758},
	Bdsk-Url-2 = {http://dx.doi.org/10.1145/2620728.2620758}}

@article{Guo:2009:BHP:1594977.1592577,
	Acmid = {1592577},
	Address = {New York, NY, USA},
	Author = {Guo, Chuanxiong and Lu, Guohan and Li, Dan and Wu, Haitao and Zhang, Xuan and Shi, Yunfeng and Tian, Chen and Zhang, Yongguang and Lu, Songwu},
	Doi = {10.1145/1594977.1592577},
	Issn = {0146-4833},
	Issue_Date = {October 2009},
	Journal = {SIGCOMM Comput. Commun. Rev.},
	Keywords = {modular data center, multi-path, server-centric network},
	Month = aug,
	Number = {4},
	Numpages = {12},
	Pages = {63--74},
	Publisher = {ACM},
	Title = {{BCube: A High Performance, Server-centric Network Architecture for Modular Data Centers}},
	Url = {http://doi.acm.org/10.1145/1594977.1592577},
	Volume = {39},
	Year = {2009},
	Bdsk-Url-1 = {http://doi.acm.org/10.1145/1594977.1592577},
	Bdsk-Url-2 = {http://dx.doi.org/10.1145/1594977.1592577}}

@misc{BFD,
	Author = {D. Katz and D. Ward},
	Howpublished = {RFC 5881},
	Note = {June 2010},
	Title = {{Bidirectional Forwarding Detection (BFD) for IPv4 and IPv6 (Single Hop)}}}

@article{Saltzer84end-to-endarguments,
	Author = {J. H. Saltzer and D. P. Reed and D. D. Clark},
	Journal = {ACM Transactions on Computer Systems},
	Pages = {277--288},
	Title = {End-to-end arguments in system design},
	Volume = {2},
	Year = {1984}}

@article{traffic-engineering-with-forward-fault-correction,
	Acmid = {2626314},
	Address = {New York, NY, USA},
	Author = {Liu, Hongqiang Harry and Kandula, Srikanth and Mahajan, Ratul and Zhang, Ming and Gelernter, David},
	Doi = {10.1145/2740070.2626314},
	Issn = {0146-4833},
	Issue_Date = {October 2014},
	Journal = {SIGCOMM Comput. Commun. Rev.},
	Keywords = {congestion-free, fault tolerance, traffic engineering},
	Month = aug,
	Number = {4},
	Numpages = {12},
	Pages = {527--538},
	Publisher = {ACM},
	Title = {{Traffic Engineering with Forward Fault Correction}},
	Url = {http://doi.acm.org/10.1145/2740070.2626314},
	Volume = {44},
	Year = {2014},
	Bdsk-Url-1 = {http://doi.acm.org/10.1145/2740070.2626314},
	Bdsk-Url-2 = {http://dx.doi.org/10.1145/2740070.2626314}}

@misc{X25,
	Author = {ITU-T},
	Month = oct,
	Title = {{X.25 : Interface between Data Terminal Equipment (DTE) and Data Circuit-terminating Equipment (DCE) for terminals operating in the packet mode and connected to public data networks by dedicated circuit}},
	Url = {https://www.itu.int/rec/T-REC-X.25-199610-I/},
	Year = 1996,
	Bdsk-Url-1 = {https://www.itu.int/rec/T-REC-X.25-199610-I/}}

@misc{WiFi,
	Author = {The Working Group for WLAN Standards},
	Date-Modified = {2018-03-31 18:44:26 +0000},
	Note = {Accessed 8th March 2018},
	Title = {{IEEE 802.11TM WIRELESS LOCAL AREA NETWORKS}},
	Url = {http://www.ieee802.org/11/},
	Year = {1997},
	Bdsk-Url-1 = {http://www.ieee802.org/11/}}

@article{clos_bstj1953,
	Author = {C Clos},
	Journal = {Bell Systems Techical Journal},
	Month = {March},
	Number = 2,
	Pages = {406--424},
	Title = {A study of non-blocking switching networks},
	Volume = 32,
	Year = 1953}

@inproceedings{Dang:2017:WPL:3050220.3050231,
	Acmid = {3050231},
	Address = {New York, NY, USA},
	Author = {Dang, Huynh Tu and Wang, Han and Jepsen, Theo and Brebner, Gordon and Kim, Changhoon and Rexford, Jennifer and Soul{\'e}, Robert and Weatherspoon, Hakim},
	Booktitle = {Proceedings of the Symposium on SDN Research},
	Doi = {10.1145/3050220.3050231},
	Isbn = {978-1-4503-4947-5},
	Location = {Santa Clara, CA, USA},
	Numpages = {7},
	Pages = {95--101},
	Publisher = {ACM},
	Series = {SOSR '17},
	Title = {{Whippersnapper: A P4 Language Benchmark Suite}},
	Url = {http://doi.acm.org/10.1145/3050220.3050231},
	Year = {2017},
	Bdsk-Url-1 = {http://doi.acm.org/10.1145/3050220.3050231},
	Bdsk-Url-2 = {http://dx.doi.org/10.1145/3050220.3050231}}

@inproceedings{Li:2017:KHI:3132747.3132756,
	Acmid = {3132756},
	Address = {New York, NY, USA},
	Author = {Li, Bojie and Ruan, Zhenyuan and Xiao, Wencong and Lu, Yuanwei and Xiong, Yongqiang and Putnam, Andrew and Chen, Enhong and Zhang, Lintao},
	Booktitle = {Proceedings of the 26th Symposium on Operating Systems Principles},
	Doi = {10.1145/3132747.3132756},
	Isbn = {978-1-4503-5085-3},
	Keywords = {Key-Value Store, Performance, Programmable Hardware},
	Location = {Shanghai, China},
	Numpages = {16},
	Pages = {137--152},
	Publisher = {ACM},
	Series = {SOSP '17},
	Title = {{KV-Direct: High-Performance In-Memory Key-Value Store with Programmable NIC}},
	Url = {http://doi.acm.org/10.1145/3132747.3132756},
	Year = {2017},
	Bdsk-Url-1 = {http://doi.acm.org/10.1145/3132747.3132756},
	Bdsk-Url-2 = {http://dx.doi.org/10.1145/3132747.3132756}}

@article{Bosshart:2014:PPP:2656877.2656890,
	Acmid = {2656890},
	Address = {New York, NY, USA},
	Author = {Bosshart, Pat and Daly, Dan and Gibb, Glen and Izzard, Martin and McKeown, Nick and Rexford, Jennifer and Schlesinger, Cole and Talayco, Dan and Vahdat, Amin and Varghese, George and Walker, David},
	Doi = {10.1145/2656877.2656890},
	Issn = {0146-4833},
	Issue_Date = {July 2014},
	Journal = {SIGCOMM Comput. Commun. Rev.},
	Keywords = {p4, protocol-independent, reconfigurability, sdn},
	Month = jul,
	Number = {3},
	Numpages = {9},
	Pages = {87--95},
	Publisher = {ACM},
	Title = {{P4: Programming Protocol-independent Packet Processors}},
	Url = {http://doi.acm.org/10.1145/2656877.2656890},
	Volume = {44},
	Year = {2014},
	Bdsk-Url-1 = {http://doi.acm.org/10.1145/2656877.2656890},
	Bdsk-Url-2 = {http://dx.doi.org/10.1145/2656877.2656890}}

@inproceedings{Shahbaz:2013:AOS:2537857.2537880,
	Acmid = {2537880},
	Address = {Piscataway, NJ, USA},
	Author = {Shahbaz, Muhammad and Antichi, Gianni and Geng, Yilong and Zilberman, Noa and Covington, Adam and Bruyere, Marc and Feamster, Nick and McKeown, Nick and Felderman, Bob and Blott, Michaela and Moore, Andrew and Owezarski, Philippe},
	Booktitle = {Proceedings of the Ninth ACM/IEEE Symposium on Architectures for Networking and Communications Systems},
	Isbn = {978-1-4799-1640-5},
	Keywords = {high speed, monitoring, netfpga, open source, packet-capture, packet-sniffing, programmable hardware, traffic-generation},
	Location = {San Jose, California, USA},
	Numpages = {2},
	Pages = {123--124},
	Publisher = {IEEE Press},
	Series = {ANCS '13},
	Title = {{Architecture for an Open Source Network Tester}},
	Url = {http://dl.acm.org/citation.cfm?id=2537857.2537880},
	Year = {2013},
	Bdsk-Url-1 = {http://dl.acm.org/citation.cfm?id=2537857.2537880}}

@inproceedings{Istvan:2016:CBI:2930611.2930639,
	Acmid = {2930639},
	Address = {Berkeley, CA, USA},
	Author = {Istv\'{a}n, Zsolt and Sidler, David and Alonso, Gustavo and Vukolic, Marko},
	Booktitle = {Proceedings of the 13th Usenix Conference on Networked Systems Design and Implementation},
	Isbn = {978-1-931971-29-4},
	Location = {Santa Clara, CA},
	Numpages = {14},
	Pages = {425--438},
	Publisher = {USENIX Association},
	Series = {NSDI'16},
	Title = {{Consensus in a Box: Inexpensive Coordination in Hardware}},
	Url = {http://dl.acm.org/citation.cfm?id=2930611.2930639},
	Year = {2016},
	Bdsk-Url-1 = {http://dl.acm.org/citation.cfm?id=2930611.2930639}}

@article{Woods:2010:CED:1920841.1920926,
	Acmid = {1920926},
	Author = {Woods, Louis and Teubner, Jens and Alonso, Gustavo},
	Doi = {10.14778/1920841.1920926},
	Issn = {2150-8097},
	Issue_Date = {September 2010},
	Journal = {Proc. VLDB Endow.},
	Month = sep,
	Number = {1-2},
	Numpages = {10},
	Pages = {660--669},
	Publisher = {VLDB Endowment},
	Title = {{Complex Event Detection at Wire Speed with FPGAs}},
	Url = {http://dx.doi.org/10.14778/1920841.1920926},
	Volume = {3},
	Year = {2010},
	Bdsk-Url-1 = {http://dx.doi.org/10.14778/1920841.1920926}}

@inproceedings{Fiessler:2016:HVH:2881025.2881033,
	Acmid = {2881033},
	Address = {New York, NY, USA},
	Author = {Fiessler, Andreas and Hager, Sven and Scheuermann, Bj\"{o}rn and Moore, Andrew W.},
	Booktitle = {Proceedings of the 2016 Symposium on Architectures for Networking and Communications Systems},
	Doi = {10.1145/2881025.2881033},
	Isbn = {978-1-4503-4183-7},
	Keywords = {FPGA hardware accelerator, firewall, packet classification},
	Location = {Santa Clara, California, USA},
	Numpages = {12},
	Pages = {25--36},
	Publisher = {ACM},
	Series = {ANCS '16},
	Title = {{HyPaFilter: A Versatile Hybrid FPGA Packet Filter}},
	Url = {http://doi.acm.org/10.1145/2881025.2881033},
	Year = {2016},
	Bdsk-Url-1 = {http://doi.acm.org/10.1145/2881025.2881033},
	Bdsk-Url-2 = {http://dx.doi.org/10.1145/2881025.2881033}}

@article{Raiciu:2011:IDP:2043164.2018467,
	Acmid = {2018467},
	Address = {New York, NY, USA},
	Author = {Raiciu, Costin and Barre, Sebastien and Pluntke, Christopher and Greenhalgh, Adam and Wischik, Damon and Handley, Mark},
	Doi = {10.1145/2043164.2018467},
	Issn = {0146-4833},
	Issue_Date = {August 2011},
	Journal = {SIGCOMM Comput. Commun. Rev.},
	Keywords = {data center, mptcp},
	Month = aug,
	Number = {4},
	Numpages = {12},
	Pages = {266--277},
	Publisher = {ACM},
	Title = {{Improving Datacenter Performance and Robustness with Multipath TCP}},
	Url = {http://doi.acm.org/10.1145/2043164.2018467},
	Volume = {41},
	Year = {2011},
	Bdsk-Url-1 = {http://doi.acm.org/10.1145/2043164.2018467},
	Bdsk-Url-2 = {http://dx.doi.org/10.1145/2043164.2018467}}

@article{Alizadeh:2010:DCT:1851275.1851192,
	Acmid = {1851192},
	Address = {New York, NY, USA},
	Author = {Alizadeh, Mohammad and Greenberg, Albert and Maltz, David A. and Padhye, Jitendra and Patel, Parveen and Prabhakar, Balaji and Sengupta, Sudipta and Sridharan, Murari},
	Doi = {10.1145/1851275.1851192},
	Issn = {0146-4833},
	Issue_Date = {October 2010},
	Journal = {SIGCOMM Comput. Commun. Rev.},
	Keywords = {ECN, TCP, data center network},
	Month = aug,
	Number = {4},
	Numpages = {12},
	Pages = {63--74},
	Publisher = {ACM},
	Title = {{Data Center TCP (DCTCP)}},
	Url = {http://doi.acm.org/10.1145/1851275.1851192},
	Volume = {40},
	Year = {2010},
	Bdsk-Url-1 = {http://doi.acm.org/10.1145/1851275.1851192},
	Bdsk-Url-2 = {http://dx.doi.org/10.1145/1851275.1851192}}

@article{Alizadeh:2014:CDC:2740070.2626316,
	Acmid = {2626316},
	Address = {New York, NY, USA},
	Author = {Alizadeh, Mohammad and Edsall, Tom and Dharmapurikar, Sarang and Vaidyanathan, Ramanan and Chu, Kevin and Fingerhut, Andy and Lam, Vinh The and Matus, Francis and Pan, Rong and Yadav, Navindra and Varghese, George},
	Doi = {10.1145/2740070.2626316},
	Issn = {0146-4833},
	Issue_Date = {October 2014},
	Journal = {SIGCOMM Comput. Commun. Rev.},
	Keywords = {datacenter fabric, distributed, load balancing},
	Month = aug,
	Number = {4},
	Numpages = {12},
	Pages = {503--514},
	Publisher = {ACM},
	Title = {{CONGA: Distributed Congestion-aware Load Balancing for Datacenters}},
	Url = {http://doi.acm.org/10.1145/2740070.2626316},
	Volume = {44},
	Year = {2014},
	Bdsk-Url-1 = {http://doi.acm.org/10.1145/2740070.2626316},
	Bdsk-Url-2 = {http://dx.doi.org/10.1145/2740070.2626316}}

@article{rse,
	Author = {Irving Reed and Gustave Solomon},
	Journal = {Journal of the Society of Industrial and Applied Mathematics},
	Keywords = {filing-erasure-coding},
	Month = {06/1960},
	Number = {2},
	Pages = {300{\textendash}304},
	Title = {Polynomial codes over certain finite fields},
	Url = {http://www.jstor.org/pss/2098968},
	Volume = {8},
	Year = {1960},
	Bdsk-Url-1 = {http://www.jstor.org/pss/2098968}}

@inproceedings{ns3-dcn,
	Author = {D. Wong and K.T. Seow and C.H. Foh and R. Kanagavelu},
	Booktitle = {Proceedings of the IEEE Global Communications Conference},
	Location = {Atlanta, GA, USA},
	Month = {December},
	Series = {GLOBECOM'13},
	Title = {{Towards Reproducible Performance Studies of Datacenter Network Architectures Using An Open-Source Simulation Approach}},
	Year = {2013}}
